@misc{
test,
author = "著者",
title = "タイトル",
publisher = "出版社",
year = "出版年",
volume = "巻",
series = "シリーズ名"
}
